%\bibliographystyle{alpha}
\begin{thebibliography}%{Smitioning1234}

@inproceedings{liu2009multi,
  title={Multi-task feature learning via efficient l 2, 1-norm minimization},
  author={Liu, Jun and Ji, Shuiwang and Ye, Jieping},
  booktitle={Proceedings of the twenty-fifth conference on uncertainty in artificial intelligence},
  pages={339--348},
  year={2009},
  organization={AUAI Press}
}

@inproceedings{feng2012adaptive,
  title={Adaptive unsupervised multi-view feature selection for visual concept recognition},
  author={Feng, Yinfu and Xiao, Jun and Zhuang, Yueting and Liu, Xiaoming},
  booktitle={Asian Conference on Computer Vision},
  pages={343--357},
  year={2012},
  organization={Springer}
}

@inproceedings{tang2013coselect,
  title={Coselect: Feature selection with instance selection for social media data},
  author={Tang, Jiliang and Liu, Huan},
  booktitle={Proceedings of the 2013 SIAM International Conference on Data Mining},
  pages={695--703},
  year={2013},
  organization={SIAM}
}

@article{frenay2014estimating,
  title={Estimating mutual information for feature selection in the presence of label noise},
  author={Fr{\'e}nay, Beno{\'\i}t and Doquire, Gauthier and Verleysen, Michel},
  journal={Computational Statistics \& Data Analysis},
  volume={71},
  pages={832--848},
  year={2014},
  publisher={Elsevier}
}

@article{nie2010general,
  title={A general graph-based semi-supervised learning with novel class discovery},
  author={Nie, Feiping and Xiang, Shiming and Liu, Yun and Zhang, Changshui},
  journal={Neural Computing and Applications},
  volume={19},
  number={4},
  pages={549--555},
  year={2010},
  publisher={Springer}
}

@inproceedings{wang2008graph,
  title={Graph transduction via alternating minimization},
  author={Wang, Jun and Jebara, Tony and Chang, Shih-Fu},
  booktitle={Proceedings of the 25th international conference on Machine learning},
  pages={1144--1151},
  year={2008},
  organization={ACM}
}

	
\end{thebibliography}
